@article{Malabonga_2009,
  title   = {Heritage Voices: Language - Tagalog},
  doi     = {https://www.cal.org/heritage/pdfs/heritage-voice-tagalog.pdf},
  journal = {Heritage Voices Collection},
  author  = {Malabonga, Valeria},
  year    = {2009},
  month   = jan
}

@book{OOP,
  title     = {Ortograpiyang Pambansa},
  isbn      = {978-971-0197-33-0},
  publisher = {Komisyon sa Wikang Filipino},
  author    = {Komisyon sa Wikang Filipino},
  year      = {2014}
}

 @book{KWF,
  title     = {KWF Manwal sa Masinop na Pagsulat},
  isbn      = {978-971-0197-34-7},
  publisher = {Komisyon sa Wikang Filipino},
  author    = {Almario, Virgilio and Komisyon sa Wikang Filipino},
  year      = {2014}
}
