@article{Malabonga_2009,
  title   = {Heritage Voices: Language - Tagalog},
  url     = {https://www.cal.org/heritage/pdfs/heritage-voice-tagalog.pdf},
  journal = {Heritage Voices Collection},
  author  = {Malabonga, Valeria},
  year    = {2009},
  month   = jan
}

@book{OOP,
  title     = {Ortograpiyang Pambansa},
  isbn      = {978-971-0197-33-0},
  publisher = {Komisyon sa Wikang Filipino},
  author    = {Komisyon sa Wikang Filipino},
  year      = {2014}
}

@book{KWF,
  title     = {KWF Manwal sa Masinop na Pagsulat},
  isbn      = {978-971-0197-34-7},
  publisher = {Komisyon sa Wikang Filipino},
  author    = {Almario, Virgilio and Komisyon sa Wikang Filipino},
  year      = {2014}
}

@phdthesis{Yap_1967,
  series     = {Retrospective Theses and Dissertations, 1919-2007},
  title      = {Synchronic analysis of tagalog phonemes},
  doi        = {http://dx.doi.org/10.14288/1.0105401},
  school     = {University of British Columbia},
  author     = {Yap, Fe Aldave},
  year       = {1967},
  collection = {Retrospective Theses and Dissertations, 1919-2007}
}

@article{Pitogo,
  title     = {Nativized Hispanic Borrowed Words in Cebuano Visayan Editorial “Masanta Nang Badlungon”: A Lexical Analysis},
  volume    = {5},
  issn      = {2617-3468},
  url       = {http://dx.doi.org/10.36348/sijll.2022.v05i05.007},
  doi       = {10.36348/sijll.2022.v05i05.007},
  number    = {5},
  journal   = {Scholars International Journal of Linguistics and Literature},
  publisher = {SASPR Edu International Pvt. Ltd},
  author    = {Pitogo,  Jesum M.},
  year      = {2022},
  month     = may,
  pages     = {191–194}
}

@article{posix_standard,
  author={},
  journal={IEEE/Open Group Std 1003.1-2024 (Revision of IEEE Std 1003.1-2017)}, 
  title={IEEE/Open Group Standard for Information Technology--Portable Operating System Interface (POSIX™) Base Specifications, Issue 8}, 
  year={2024},
  volume={},
  number={},
  pages={1-4107},
  keywords={IEEE Standards;Information technology;Open systems;Operating systems;Application programming interfaces;application program interface (API);argument;asynchronous;basic regular expression (BRE);built-in utility;byte;child;command language interpreter;CPU;extended regular expression (ERE);FIFO;file access control mechanism;IEEE 1003.1™;input/output (I/O);job control;network;parent;portable operating system interface (POSIX™);shell;stream;string;synchronous;system;thread;X/Open System Interface (XSI)},
  doi={10.1109/IEEESTD.2024.10555529}}

@misc{about_languagetool,
  author = "{LanguageTool}",
  title = "{About LanguageTool}",
  year = {2025},
  url = {https://languagetool.org/about},
  note = "[Online; accessed 27-March-2025]"
}

@software{LanguageToolGitHub,
  author = "{LanguageTool Developers}",
  title = "{LanguageTool: Open-source grammar and spell checker}",
  year = {2025},
  url = {https://github.com/languagetool-org/languagetool},
  note = "[Online; accessed 27-March-2025]"
}

@manual{LanguageToolDevDocs,
  title        = {LanguageTool Developer Documentation},
  author       = {{LanguageTool Contributors}},
  year         = {2025},
  url          = {https://dev.languagetool.org/},
  note         = {Accessed: 2025-03-28}
}

@BOOK{bikol_dictionary,
  title     = "Bikol Dictionary",
  author    = "Mintz, Malcolm W",
  publisher = "University of Hawaii Press",
  month     =  mar,
  year      =  2019
}
